<?xml version="1.0" encoding="UTF-8"?><collection xmlns="http://www.loc.gov/MARC21/slim"><record><leader>00346nam--2200109-i-4500</leader><controlfield tag="001">000016226</controlfield><controlfield tag="002">20161230</controlfield><controlfield tag="005">20161230201031</controlfield><controlfield tag="008">060222s1000------------r-----000-0-eng-d</controlfield><datafield ind1=" " ind2=" " tag="245"><subfield code="a">Circuite electronice utilizate in industrie. prelucrare de j.markus si v.zeluff. numai pentru documentare</subfield></datafield><datafield ind1=" " ind2=" " tag="260"><subfield code="a">Bucuresti,Editura Tehnica,1956. 664p</subfield></datafield><datafield ind1=" " ind2=" " tag="852"><subfield code="a">77718</subfield></datafield></record></collection>